


@Misc{parcoursup,
  title =     {Site principal de {ParcourSup}},
  author = {Gimbert, Hugo},
  howpublished = {\url{https://www.parcoursup.fr/}}}

@Misc{parcoursup-specifications,
  title =     {Document de pr{\'e}sentation des algorithmes de {ParcourSup}},
  author = {Gimbert, Hugo},
  howpublished = {\url{https://framagit.org/parcoursup/algorithmes-de-parcoursup/blob/master/doc/presentation_algorithmes_parcoursup_2019.pdf}}}

@Misc{openjml-website,
  title =     {{OpenJML}},
  author = {{OpenJML} contributors},
  howpublished = {\url{http://www.openjml.org/}}}

@Misc{openjml-installation-documentation,
  title =     {{OpenJML} Installation Instructions},
  author = {OpenJML contributors},
  howpublished = {\url{http://www.openjml.org/documentation/installation.shtml#plugininstallation}}}

@Misc{openjml-tojson-pr,
  title =     {{OpenJML} Pull Request 691},
  author = {{OpenJML} contributors},
  howpublished = {\url{https://github.com/OpenJML/OpenJML/issues/691}}}

@Misc{eclipse-installation-packages,
  title =     {{E}clipse Installation Packages},
  author = {{E}clipse contributors},
  howpublished = {\url{https://www.eclipse.org/downloads/packages/}}}

@Misc{parcoursup-source,
  title =     {Code source en {Java} de {ParcourSup}},
  author = {Gimbert, Hugo},
  howpublished = {\url{https://framagit.org/parcoursup/algorithmes-de-parcoursup}}}

@article{astrauskas2019,
 author = {Astrauskas, Vytautas and M\"{u}ller, Peter and Poli, Federico and Summers, Alexander J.},
 title = {Leveraging Rust Types for Modular Specification and Verification},
 journal = {Proc. ACM Program. Lang.},
 volume = 3,
 number = {OOPSLA},
 month = oct,
 year = 2019,
 pages = {147:1--147:30},
 publisher = {ACM}
}
